<record><leader>00000cas a22000007a 4500</leader><controlfield tag="001">15202714</controlfield><controlfield tag="008">870217d19681970inuwr ne      0    0eng d</controlfield><datafield ind1=" " ind2=" " tag="010"><subfield code="a">sn 87055400 </subfield></datafield><datafield ind1=" " ind2=" " tag="040"><subfield code="a">NPI</subfield><subfield code="b">eng</subfield><subfield code="c">NPI</subfield><subfield code="d">OCLCQ</subfield><subfield code="d">IUL</subfield><subfield code="d">OCLCF</subfield></datafield><datafield ind1=" " ind2=" " tag="042"><subfield code="a">msc</subfield></datafield><datafield ind1=" " ind2=" " tag="043"><subfield code="a">n-us-in</subfield></datafield><datafield ind1="0" ind2="0" tag="245"><subfield code="a">Veedersburg news-times.</subfield></datafield><datafield ind1=" " ind2=" " tag="260"><subfield code="a">Veedersburg, Ind. :</subfield><subfield code="b">Hub Press,</subfield><subfield code="c">1968-1970.</subfield></datafield><datafield ind1=" " ind2=" " tag="300"><subfield code="a">2 volumes</subfield></datafield><datafield ind1=" " ind2=" " tag="310"><subfield code="a">Weekly</subfield></datafield><datafield ind1="0" ind2=" " tag="362"><subfield code="a">Vol. 128, no. 16 (Apr. 17, 1968)-v. 79 [i.e. 80] no. 1 (Jan. 7, 1970).</subfield></datafield><datafield ind1=" " ind2=" " tag="515"><subfield code="a">Issue for May 1, 1968 resumes the numbering of: Veedersburg news.</subfield></datafield><datafield ind1=" " ind2=" " tag="515"><subfield code="a">Final issue called v. 79, no. 1 but constitutes v. 80, no. 3.</subfield></datafield><datafield ind1=" " ind2="0" tag="651"><subfield code="a">Veedersburg (Ind.)</subfield><subfield code="v">Newspapers.</subfield></datafield><datafield ind1=" " ind2="0" tag="651"><subfield code="a">Fountain County (Ind.)</subfield><subfield code="v">Newspapers.</subfield></datafield><datafield ind1=" " ind2="7" tag="651"><subfield code="a">Indiana</subfield><subfield code="z">Fountain County.</subfield><subfield code="2">fast</subfield><subfield code="0">(OCoLC)fst01210374</subfield></datafield><datafield ind1=" " ind2="7" tag="651"><subfield code="a">Indiana</subfield><subfield code="z">Veedersburg.</subfield><subfield code="2">fast</subfield><subfield code="0">(OCoLC)fst01866723</subfield></datafield><datafield ind1=" " ind2="7" tag="655"><subfield code="a">Newspapers.</subfield><subfield code="2">fast</subfield><subfield code="0">(OCoLC)fst01423814</subfield></datafield><datafield ind1=" " ind2=" " tag="752"><subfield code="a">United States</subfield><subfield code="b">Indiana</subfield><subfield code="c">Fountain</subfield><subfield code="d">Veedersburg.</subfield></datafield><datafield ind1="0" ind2="4" tag="780"><subfield code="t">Veedersburg news</subfield><subfield code="w">(DLC)sn 86058032</subfield><subfield code="w">(OCoLC)13191783</subfield></datafield><datafield ind1="0" ind2="4" tag="780"><subfield code="t">Hillsboro times</subfield><subfield code="w">(DLC)sn 87055395</subfield><subfield code="w">(OCoLC)15203437</subfield></datafield></record>